
@article{salza2019speed,
  title={Speed up genetic algorithms in the cloud using software containers},
  author={Salza, Pasquale and Ferrucci, Filomena},
  journal={Future Generation Computer Systems},
  volume={92},
  pages={276--289},
  year={2019},
  publisher={Elsevier}
}

@ARTICLE{microservices,
author={J. Th{\"o}nes},
journal={IEEE Software},
title={Microservices},
year={2015},
volume={32},
number={1},
pages={116-116},
keywords={Interviews;Service oriented architecture;Software architecture;Software engineering;SE Radio;architecture;enterprise service bus;http;microservice;service-oriented architecture;software engineering},
doi={10.1109/MS.2015.11},
ISSN={0740-7459},
month={Jan},}

@INPROCEEDINGS{sofea:cec2012,
author={Merelo-Guervos, Juan J. and Mora, A. and Cruz, J.A. and Esparcia-Alc{\'a}zar, A.I. and Cotta, C.},
booktitle={Evolutionary Computation (CEC), 2012 IEEE Congress on}, title={Scaling in distributed evolutionary algorithms with persistent population},
year={2012},
month={june},
volume={},
number={},
pages={1 -8},
keywords={API;CouchDB object store;distributed computing system;distributed evolutionary algorithm scaling;persistent population;programming languages;application program interfaces;distributed algorithms;evolutionary computation;},
doi={10.1109/CEC.2012.6256622},
ISSN={},}

@INPROCEEDINGS{sofea:cec2012:anon,
author={Anonymous authors},
booktitle={Anonymous conference},
title={Anonymous title},
year={20xx}

}


@inproceedings{garcia2017evospace,
  title={evospace-js: asynchronous pool-based execution of heterogeneous metaheuristics},
  author={Garc{\'\i}a-Valdez, Mario and Merelo, JJ},
  booktitle={Proceedings of the Genetic and Evolutionary Computation Conference Companion},
  pages={1202--1208},
  year={2017},
  organization={ACM}
}

@INPROCEEDINGS{garcia2017evospace:anon,
author={Anonymous authors},
booktitle={Anonymous conference},
title={Anonymous title},
year={20xx}
}

@InProceedings{Jini:FEA2000,
  author = 	 {J. Atienza and P. A. Castillo and  M. Garc\'{i}a and  J. Gonz\'{a}lez and  J.J. Merelo},
  title = 	 {Jenetic: a distributed, fine-grained, asynchronous evolutionary algorithm using {J}ini},
  crossref = {FEA2000},
  pages =        {1087--1089},
}

@Proceedings{FEA2000,
  title = 	 {FEA2000 (Frontiers in Evolutionary Algorithms)},
  booktitle =    {Proc. JCIS 2000 (Joint Conference on Information Sciences)},
  year = 	 2000,
  editor =	 {P. P. Wang},
  volume =	 {I},
  note =	 {ISBN: 0-9643456-9-2}
}

@INPROCEEDINGS{Jini:FEA2000:anon,
author={Anonymous authors},
booktitle={Anonymous conference},
title={Anonymous title},
year={20xx}
}

@InProceedings{agajaj,
author = {J. J. Merelo and P.A. Castillo and J.L.J. Laredo and A. Mora and A. Prieto},
title = {Asynchronous Distributed Genetic Algorithms with {J}ava{S}cript and {JSON}},
crossref= {wcci08},
pages =  {1372--1379},
url ={http://atc.ugr.es/I+D+i/congresos/2008/CEC_2008_1372.pdf}
}

@INPROCEEDINGS{agajaj:anon,
author={Anonymous authors},
booktitle={Anonymous conference},
title={Anonymous title},
year={20xx}
}

@Proceedings{wcci08,
  title = 	 {IEEE Congress on Evolutionary Computation (CEC2008)},
  booktitle = {WCCI 2008 Proceedings},
  year = 	 2008,
  key =		 {WCCI 08 Proceedings},
  isbn =         {978-1-4244-1823-7},
  publisher =	 {IEEE Press}
}

@InProceedings{sofea:evopar2012,
  author = 	 {Juan-J Merelo-Guerv{\\'o}s and Antonio Mora and J. Albert
                  Cruz and Anna I. Esparcia},
  title = 	 {Pool-based Distributed Evolutionary Algorithms using an Object Database},
  booktitle = {EvoApplications 2012 Proceedings},
  pages = 	 {441--450},
  year = 	 2012,
  editor = 	 {Cecilia di Chio et al.}
}

@INPROCEEDINGS{evopar2012:anon,
author={Anonymous authors},
booktitle={Anonymous conference},
title={Anonymous title},
year={20xx}
}

@PhdThesis{de2017parallel,
  author =       {Salza, Pasquale},
  title={Parallel Genetic Algorithms in the Cloud},

  school =       {University of Salerno, Italy},
  year =         2017,
  url = {https://goo.gl/sDx6mY}
}

@article{malawski2017serverless,
  title={Serverless execution of scientific workflows: Experiments with HyperFlow, AWS Lambda and Google Cloud Functions},
  author={Malawski, Maciej and Gajek, Adam and Zima, Adam and Balis, Bartosz and Figiela, Kamil},
  journal={Future Generation Computer Systems},
  year={2017},
  publisher={Elsevier}
}
@article{varghese2018next,
  title={Next generation cloud computing: New trends and research directions},
  author={Varghese, Blesson and Buyya, Rajkumar},
  journal={Future Generation Computer Systems},
  volume={79},
  pages={849--861},
  year={2018},
  publisher={Elsevier}
}

@article{buyya2017manifesto,
  title={A Manifesto for Future Generation Cloud Computing: Research Directions for the Next Decade},
  author={Buyya, Rajkumar and Srirama, Satish Narayana and Casale, Giuliano and Calheiros, Rodrigo and Simmhan, Yogesh and Varghese, Blesson and Gelenbe, Erol and Javadi, Bahman and Vaquero, Luis Miguel and Netto, Marco AS and others},
  journal={arXiv preprint arXiv:1711.09123},
  year={2017}
}

@inproceedings{salza2017ccube,
  title={cCube: a cloud microservices architecture for evolutionary machine learning classification},
  author={Salza, Pasquale and Hemberg, Erik and Ferrucci, Filomena and O'Reilly, Una-May},
  booktitle={Proceedings of the Genetic and Evolutionary Computation Conference Companion},
  pages={137--138},
  year={2017},
  organization={ACM}
}

@InProceedings{10.1007/978-3-319-32149-3_46,
author="Funika, W{\l}odzimierz
and Koperek, Pawe{\l}",
editor="Wyrzykowski, Roman
and Deelman, Ewa
and Dongarra, Jack
and Karczewski, Konrad
and Kitowski, Jacek
and Wiatr, Kazimierz",
title="Towards a Scalable Distributed Fitness Evaluation Service",
booktitle="Parallel Processing and Applied Mathematics",
year="2016",
publisher="Springer International Publishing",
address="Cham",
pages="493--502",
abstract="Organizations across the globe gather more and more data. Large datasets require new approaches to analysis and processing, which include methods based on machine learning. In particular, the symbolic regression can provide many useful insights. Unfortunately, due to high resource requirements, the use of this method for large datasets might be unfeasible. In this paper we analyze a bottleneck in an open-source implementation of this method, we call hubert. We identify that the evaluation of individuals is the most costly operation. As a solution to this problem, we propose a new evaluation service based on the Apache Spark framework, which attempts to speed up computations by distributing them on a cluster of machines. We compare the performance of the service by analyzing the execution time for a number of samples with use of both implementations. Then we discuss how the computation time improves with increased amount of resources. Finally we draw conclusions and outline plans for further research.",
isbn="978-3-319-32149-3"
}

@inproceedings{voigt1990modelling,
  title={Modelling and simulation of distributed evolutionary search processes for function optimization},
  author={Voigt, Hans-Michael and Born, Joachim and Santib{\'a}nez-Koref, Ivan},
  booktitle={International Conference on Parallel Problem Solving from Nature},
  pages={373--380},
  year={1990},
  organization={Springer}
}

@InProceedings{chong:1999:jDGPi,
  author =       "Fuey Sian Chong and W. B. Langdon",
  title =        "Java based Distributed {G}enetic {P}rogramming on the
                 Internet",
  booktitle =    "Proceedings of the Genetic and Evolutionary
                 Computation Conference",
  year =         "1999",
  editor =       "Wolfgang Banzhaf and Jason Daida and 
                 Agoston E. Eiben and Max H. Garzon and Vasant Honavar and 
                 Mark Jakiela and Robert E. Smith",
  volume =       "2",
  pages =        "1229",
  address =      "Orlando, Florida, USA",
  publisher_address = "San Francisco, CA 94104, USA",
  month =        "13-17 " # jul,
  publisher =    "Morgan Kaufmann",
  note =         "Full text in technical report CSRP-99-7",
  keywords =     "genetic algorithms, genetic programming, DGP,
                 Distributed Computing, Java Applet / Application, World
                 Wide Computing, Internet, Servlets, poster",
  ISBN =         "1-55860-611-4",
  abstract =     "A distributed approach for parallelising Genetic
                 Programming (GP) on the Internet is proposed and its
                 feasibility demonstrated with a distributed GP system
                 termed DGP developed in Java. DGP is run successfully
                 across the world over the Internet on heterogeneous
                 platforms without any central co-ordination. The run
                 results and the outcome of an experiment to determine
                 DGP's performance are reported together with a
                 description of DGP.",
  notes =        "GECCO-99, part of \cite{banzhaf:1999:gecco99}, A joint
                 meeting of the eighth international conference on
                 genetic algorithms (ICGA-99) and the fourth annual
                 genetic programming conference (GP-99)

                 see also \cite{chong:1999:jDGPis} Phyllis Chong

                 Note (2006) most URLs no longer working but hyperlinks
                 in PDF should be ok. Code available at
                 http://www.cs.bham.ac.uk/~wbl/ftp/gp-code/DGP/DGPsrc.tar.gz",
}

@TechReport{coleman89,
  author = 	 {Victor Coleman},
  title = 	 {The DEME mode: An Asynchronous Genetic Algorithm},
  institution =  {University of Massachussets at Amherst, Dept. of Computer Science},
  year = 	 1989,
  note =	 {UM-CS-1989-035}
}

@inproceedings{baugh2003asynchronous,
  title={Asynchronous genetic algorithms for heterogeneous networks using coarse-grained dataflow},
  author={Baugh, John W and Kumar, Sujay V},
  booktitle={Genetic and Evolutionary Computation Conference},
  pages={730--741},
  year={2003},
  organization={Springer}
}

@article{DBLP:journals/corr/abs-1105-6205,
  author    = {Juan-Juli{\'a}n Merelo-Guerv{\'o}s and
               Maribel Garc\'{\i}a Arenas and
               Antonio Miguel Mora and
               Pedro A. Castillo and
               Gustavo Romero and
               Juan Lu\'{\i}s Jim{\'e}nez Laredo},
  title     = {Cloud-based Evolutionary Algorithms: An algorithmic study},
  pages  = {1-7},
  journal   = {CoRR},
  volume    = {abs/1105.6205},
  year      = {2011},
  ee        = {http://arxiv.org/abs/1105.6205},
  bibsource = {DBLP, http://dblp.uni-trier.de}
}

@inproceedings{zorman2002creation,
  title={Creation and Analysis of a JavaSpace-based Distributed Genetic Algorithm.},
  author={Zorman, Brian and Kapfhammer, Gregory M and Roos, Robert S},
  booktitle={PDPTA},
  pages={1107--1112},
  year={2002}
}

@inproceedings{de2015scalable,
  title={Scalable Fast Evolutionary k-Means Clustering},
  author={de Oliveira, Gilberto Viana and Naldi, Murilo Coelho},
  booktitle={Intelligent Systems (BRACIS), 2015 Brazilian Conference on},
  pages={74--79},
  year={2015},
  organization={IEEE}
}

@ARTICLE{Varghese2018849,
author={Varghese, B. and Buyya, R.},
title={Next generation cloud computing: New trends and research directions},
journal={Future Generation Computer Systems},
year={2018},
volume={79},
pages={849-861},
doi={10.1016/j.future.2017.09.020},
note={cited By 2},
url={https://www.scopus.com/inward/record.uri?eid=2-s2.0-85030685680&doi=10.1016%2fj.future.2017.09.020&partnerID=40&md5=5dcbfdc70d288334ae3ca2968b97b4cc},
document_type={Article},
source={Scopus},
}

@inproceedings{Baldini2016287,
author={Baldini, I. and Castro, P. and Cheng, P. and Fink, S. and Ishakian, V. and Mitchell, N. and Muthusamy, V. and Rabbah, R. and Suter, P.},
title={Cloud-native, event-based programming for mobile applications},
booktitle={Proceedings - International Conference on Mobile Software Engineering and Systems, MOBILESoft 2016},
year={2016},
pages={287-288},
doi={10.1145/2897073.2897713},
url={https://www.scopus.com/inward/record.uri?eid=2-s2.0-84983486736&doi=10.1145%2f2897073.2897713&partnerID=40&md5=7b51aaed223ae1fd199459387167b76e},
document_type={Conference Paper},
source={Scopus},
}

@Article{Papazoglou2007,
author="Papazoglou, Mike P.
and van den Heuvel, Willem-Jan",
title="Service oriented architectures: approaches, technologies and research issues",
journal="The VLDB Journal",
year="2007",
month="Jul",
day="01",
volume="16",
number="3",
pages="389--415",
abstract="Service-oriented architectures (SOA) is an emerging approach that addresses the requirements of loosely coupled, standards-based, and protocol- independent distributed computing. Typically business operations running in an SOA comprise a number of invocations of these different components, often in an event-driven or asynchronous fashion that reflects the underlying business process needs. To build an SOA a highly distributable communications and integration backbone is required. This functionality is provided by the Enterprise Service Bus (ESB) that is an integration platform that utilizes Web services standards to support a wide variety of communications patterns over multiple transport protocols and deliver value-added capabilities for SOA applications. This paper reviews technologies and approaches that unify the principles and concepts of SOA with those of event-based programing. The paper also focuses on the ESB and describes a range of functions that are designed to offer a manageable, standards-based SOA backbone that extends middleware functionality throughout by connecting heterogeneous components and systems and offers integration services. Finally, the paper proposes an approach to extend the conventional SOA to cater for essential ESB requirements that include capabilities such as service orchestration, ``intelligent'' routing, provisioning, integrity and security of message as well as service management. The layers in this extended SOA, in short xSOA, are used to classify research issues and current research activities.",
issn="0949-877X",
doi="10.1007/s00778-007-0044-3",
url="https://doi.org/10.1007/s00778-007-0044-3"
}

@article{garcia2013service,
  title={Service oriented evolutionary algorithms},
  author={Garc{\'\i}a-S{\'a}nchez, Pablo and Gonz{\'a}lez, Jes{\'u}s and Castillo, Pedro A and Arenas, Maribel Garc{\'\i}a and Merelo-Guerv{\'o}s, JJ},
  journal={Soft Computing},
  volume={17},
  number={6},
  pages={1059--1075},
  year={2013},
  publisher={Springer}
}

@article{munawar2010design,
  title={The design, usage, and performance of GridUFO: A Grid based Unified Framework for Optimization},
  author={Munawar, Asim and Wahib, Mohamed and Munetomo, Masaharu and Akama, Kiyoshi},
  journal={Future Generation Computer Systems},
  volume={26},
  number={4},
  pages={633--644},
  year={2010},
  publisher={Elsevier}
}

@INPROCEEDINGS{6955331,
author={L. G. Rodr\'iguez and H. A. Diosa and S. Rojas-Galeano},
booktitle={2014 9th Computing Colombian Conference (9CCC)},
title={Towards a component-based software architecture for genetic algorithms},
year={2014},
volume={},
number={},
pages={1-6},
keywords={formal specification;genetic algorithms;object-oriented programming;software architecture;visual programming;component specification;component-based software architecture;component-based visual programming;evolutionary algorithms;genetic algorithms;loosely-coupled computational blocks;Business;Computer architecture;Genetic algorithms;Sociology;Software;Statistics;Visualization;Architecture and Software Engineering;Component-based Development;Genetic Algorithms},
doi={10.1109/ColumbianCC.2014.6955331},
ISSN={},
month={Sept},}

@incollection{valenzuela2015implementing,
  title={Implementing Pool-Based Evolutionary Algorithm in Amazon Cloud Computing Services},
  author={Valenzuela, Rene M{\'a}rquez and Valdez, Mario Garc{\'\i}a},
  booktitle={Design of Intelligent Systems Based on Fuzzy Logic, Neural Networks and Nature-Inspired Optimization},
  pages={347--355},
  year={2015},
  publisher={Springer}
}


@Article{GValdez2015,
author="Garc{\'i}a-Valdez, Mario
and Trujillo, Leonardo
and Merelo, Juan-J
and Fern{\'a}ndez de Vega, Francisco
and Olague, Gustavo",
title="The {EvoSpace} Model for Pool-Based Evolutionary Algorithms",
journal="Journal of Grid Computing",
year="2015",
month="Sep",
day="01",
volume="13",
number="3",
pages="329--349",
abstract="This work presents the EvoSpace model for the development of pool-based evolutionary algorithms (Pool-EA). Conceptually, the EvoSpace model is built around a central repository or population store, incorporating some of the principles of the tuple-space model and adding additional features to tackle some of the issues associated with Pool-EAs; such as, work redundancy, starvation of the population pool, unreliability of connected clients or workers, and a large parameter space. The model is intended as a platform to develop search algorithms that take an opportunistic approach to computing, allowing the exploitation of freely available services over the Internet or volunteer computing resources within a local network. A comprehensive analysis of the model at both the conceptual and implementation levels is provided, evaluating performance based on efficiency, optima found and speedup, while providing a comparison with a standard EA and an island-based model. The issues of lost connections and system parametrization are studied and validated experimentally with encouraging results, that suggest how EvoSpace can be used to develop and implement different Pool-EAs for search and optimization.",
issn="1572-9184",
doi="10.1007/s10723-014-9319-2",
url="https://doi.org/10.1007/s10723-014-9319-2"
}

@InProceedings{bollini1999distributed,
  title={{Distributed and persistent evolutionary algorithms: a design pattern}},
  author={Bollini, A. and Piastra, M.},
  booktitle={Genetic Programming, Proceedings EuroGP\'{}99},
  series={Lecture notes in computer science},
  number={1598},
  pages={173--183},
  year={1999},
  publisher={Springer}
}

@inproceedings{DBLP:conf/evoW/ValdezTVGO13,
  author    = {Mario Garc\'{\i}a Valdez and
               Leonardo Trujillo and
               Francisco Fern{\'a}ndez de Vega and
               Juan J. Merelo Guerv\'{\o}s and
               Gustavo Olague},
  title     = {EvoSpace: A Distributed Evolutionary Platform Based on the
               Tuple Space Model},
  booktitle = {EvoApplications},
  year      = {2013},
  pages     = {499-508},
  ee        = {http://dx.doi.org/10.1007/978-3-642-37192-9_50},
  crossref  = {DBLP:conf/evoW/2013a},
  bibsource = {DBLP, http://dblp.uni-trier.de}
}

@proceedings{DBLP:conf/evoW/2013a,
  editor    = {Anna Isabel Esparcia-Alc{\'a}zar},
  title     = {Applications of Evolutionary Computation - 16th European
               Conference, EvoApplications 2013, Vienna, Austria, April
               3-5, 2013. Proceedings},
  booktitle = {EvoApplications},
  publisher = {Springer},
  series    = {Lecture Notes in Computer Science},
  volume    = {7835},
  year      = {2013},
  isbn      = {978-3-642-37191-2},
  ee        = {http://dx.doi.org/10.1007/978-3-642-37192-9},
  bibsource = {DBLP, http://dblp.uni-trier.de}
}



@misc{hansen2016coco,
  title={{COCO}: a platform for comparing continuous optimizers in a black-box setting},
  author={Hansen, Nikolaus and Auger, Anne and Mersmann, Olaf and Tusar, Tea and Brockhoff, Dimo},
  note={arXiv preprint arXiv:1603.08785},
  url={https://arxiv.org/abs/1603.08785},
  year={2016}
}

@article{fortin2012deap,
  title={DEAP: Evolutionary algorithms made easy},
  author={Fortin, F{\'e}lix-Antoine and Rainville, Fran{\c{c}}ois-Michel De and Gardner, Marc-Andr{\'e} and Parizeau, Marc and Gagn{\'e}, Christian},
  journal={Journal of Machine Learning Research},
  volume={13},
  number={Jul},
  pages={2171--2175},
  year={2012}
}
@inproceedings{hansen2010bbob,
  title={Comparing results of 31 algorithms from the black-box optimization benchmarking BBOB-2009},
  author={Hansen, Nikolaus and Auger, Anne and Ros, Raymond and Finck, Steffen and Po{\v{s}}{\'\i}k, Petr},
  booktitle={Proceedings of the 12th annual conference companion on Genetic and evolutionary computation},
  pages={1689--1696},
  year={2010},
  organization={ACM}
}

@inproceedings{tanabe2013evaluation,
  title={Evaluation of a randomized parameter setting strategy for island-model evolutionary algorithms},
  author={Tanabe, Ryoji and Fukunaga, Alex},
  booktitle={Evolutionary Computation (CEC), 2013 IEEE Congress on},
  pages={1263--1270},
  year={2013},
  organization={IEEE}
}



@inproceedings{FekiNG09,
  author    = {Malek Smaoui Feki and
               Viet Huy Nguyen and
               Marc Garbey},
  title     = {Parallel Genetic Algorithm Implementation for BOINC},
  booktitle = {PARCO},
  year      = {2009},
  pages     = {212-219},
  ee        = {http://dx.doi.org/10.3233/978-1-60750-530-3-212},
  crossref  = {DBLP:conf/parco/2009},
  bibsource = {DBLP, http://dblp.uni-trier.de}
}
@proceedings{DBLP:conf/parco/2009,
  editor    = {Barbara M. Chapman and
               Fr{\'e}d{\'e}ric Desprez and
               Gerhard R. Joubert and
               Alain Lichnewsky and
               Frans J. Peters and
               Thierry Priol},
  title     = {Parallel Computing: From Multicores and GPU's to Petascale,
               Proceedings of the conference ParCo 2009, 1-4 September
               2009, Lyon, France},
  booktitle = {PARCO},
  publisher = {IOS Press},
  series    = {Advances in Parallel Computing},
  volume    = {19},
  year      = {2010},
  isbn      = {978-1-60750-529-7},
  bibsource = {DBLP, http://dblp.uni-trier.de}
}



@INPROCEEDINGS{Kennedy:1998ch, 
author={Kennedy, J. and Spears, W.M.}, 
booktitle={Evolutionary Computation Proceedings, 1998. IEEE World Congress on Computational Intelligence., The 1998 IEEE International Conference on}, title={Matching algorithms to problems: an experimental test of the particle swarm and some genetic algorithms on the multimodal problem generator}, 
year={May}, 
pages={78-83}, 
keywords={adaptive systems;design of experiments;genetic algorithms;problem solving;time series;algorithm-problem matching;binary particle swarm algorithm;factorial time series;genetic algorithms;multimodal problem generator;Analysis of variance;Artificial intelligence;Control systems;DC generators;Genetic algorithms;Genetic mutations;Laboratories;Particle swarm optimization;Statistical analysis;Testing}, 
doi={10.1109/ICEC.1998.699326},}

@article{Alba:2002dq,
author = {Alba, Enrique and Nebro, Antonio J and Troya, Jos{\'e} M},
title = {{Heterogeneous Computing and Parallel Genetic Algorithms}},
journal = {Journal of Parallel and Distributed Computing},
year = {2002},
volume = {62},
number = {9},
pages = {1362--1385},
month = sep
}

@inproceedings{Jong:1990,
 author = {De Jong, Kenneth A. and Spears, William M.},
 title = {An Analysis of the Interacting Roles of Population Size and Crossover in Genetic Algorithms},
 booktitle = {Proceedings of the 1st Workshop on Parallel Problem Solving from Nature},
 series = {PPSN I},
 year = {1991},
 isbn = {3-540-54148-9},
 pages = {38--47},
 numpages = {10},
 url = {http://dl.acm.org/citation.cfm?id=645821.670188},
 acmid = {670188},
 publisher = {Springer-Verlag},
 address = {London, UK, UK},
}

@inproceedings{CloudDesign,
  author    = {Owen Derby and
               Kalyan Veeramachaneni and
               Una-May O'Reilly},
  title     = {Cloud Driven Design of a Distributed Genetic Programming
               Platform},
  booktitle = {EvoApplications},
  year      = {2013},
  pages     = {509-518},
  ee        = {http://dx.doi.org/10.1007/978-3-642-37192-9_51},
  bibsource = {DBLP, http://dblp.uni-trier.de}
}

@inproceedings{CloudScale,
  author    = {Dennis Wilson and
               Kalyan Veeramachaneni and
               Una-May O'Reilly},
  title     = {Cloud Scale Distributed Evolutionary Strategies for High
               Dimensional Problems},
  booktitle = {EvoApplications},
  year      = {2013},
  pages     = {519-528},
  ee        = {http://dx.doi.org/10.1007/978-3-642-37192-9_52},
  bibsource = {DBLP, http://dblp.uni-trier.de}
}

@inproceedings{Jong:PS97,
  author = {De Jong, Kenneth A.  and Potter, Mitchell A. and Spears, William M.},
  biburl = {http://www.bibsonomy.org/bibtex/22b483fc7be312e854ce7527ba054b049/dblp},
  booktitle = {ICGA},
  date = {2002-09-02},
  description = {dblp},
  editor = {B{\"a}ck, Thomas},
  interhash = {0a15fa2fb4bf8ff142a9ca0ffa63c458},
  intrahash = {2b483fc7be312e854ce7527ba054b049},
  keywords = {dblp},
  pages = {338-345},
  publisher = {Morgan Kaufmann},
  timestamp = {2002-09-02T00:00:00.000+0200},
  title = {Using Problem Generators to Explore the Effects of Epistasis.},
  url = {http://dblp.uni-trier.de/db/conf/icga/icga1997.html#JongPS97},
  year = 1997
}

@article{varia2008cloud,
  title={Cloud architectures},
  author={Varia, Jinesh},
  journal={White Paper of Amazon},
  url = {jineshvaria.s3.amazonaws.com/public/cloudarchitectures-varia.pdf},
  year={2008}
}

@article{DEAP_JMLR2012, 
     author    = { F\'elix-Antoine Fortin and Fran\c{c}ois-Michel De Rainville and Marc-Andr\'e Gardner and Marc Parizeau and Christian Gagn\'e },
     title     = { {DEAP}: Evolutionary Algorithms Made Easy },
     pages    = { 2171--2175 },
     volume    = { 13 },
     month     = { jul },
     year      = { 2012 },
     journal   = { Journal of Machine Learning Research }
 }

@inproceedings{merelo2019scaling,
  title={Scaling in Concurrent Evolutionary Algorithms},
  author={Merelo, Juan J and Laredo, Juan Luis Jim{\'e}nez and Castillo, Pedro A and Garc{\'\i}a-Valdez, Jos{\'e}-Mario and Rojas-Galeano, Sergio},
  booktitle={Workshop on Engineering Applications},
  pages={16--27},
  year={2019},
  organization={Springer}
}

@article{lai2019adaptive,
  title={An adaptive parallel particle swarm optimization for numerical optimization problems},
  author={Lai, Xinsheng and Zhou, Yuren},
  journal={Neural Computing and Applications},
  volume={31},
  number={10},
  pages={6449--6467},
  year={2019},
  publisher={Springer}
}

@article{li2007efficient,
  title={An efficient fine-grained parallel particle swarm optimization method based on GPU-acceleration},
  author={Li, Jianming and Wan, Danling and Chi, Zhongxian and Hu, Xiangpei},
  journal={International Journal of Innovative Computing, Information and Control},
  volume={3},
  number={6},
  pages={1707--1714},
  year={2007}
}

% Trabajos con dropbox: 
 @inproceedings{garcia2011,
   title={Assessing speed-ups in commodity cloud storage services for distributed evolutionary algorithms},
   author={Garcia-Arenas, M and Merelo, J-J and Mora, Antonio M and Castillo, Pedro and Romero, Gustavo and Laredo, JLJ},
   booktitle={Evolutionary Computation (CEC), 2011 IEEE Congress on},
   pages={304--311},
   year={2011},
   organization={IEEE}
 }
% Mira también este artículo http://arxiv.org/abs/0712.4159
% y los de SofEA
 @article{merelo2012,
   title={Pool-based distributed evolutionary algorithms using an object database},
   author={Merelo-Guerv{\'o}s, Juan-Juli{\'a}n and Mora, Antonio and Cruz, J and Esparcia, Anna},
   journal={Applications of Evolutionary Computation},
   pages={446--455},
   year={2012},
   publisher={Springer}
 }
@article{fazenda2012,
  title={A library to run evolutionary algorithms in the cloud using mapreduce},
  author={Fazenda, Pedro and McDermott, James and O’Reilly, Una-May},
  journal={Applications of Evolutionary Computation},
  pages={416--425},
  year={2012},
  publisher={Springer}
}

@inproceedings{di2013towards,
  title={Towards Migrating Genetic Algorithms for Test Data Generation to the Cloud},
  author={Di Martino, Sergio and Ferrucci, Filomena and Maggio, Valerio and Sarro, Federica},
  booktitle={Software Testing in the Cloud: Perspectives on an Emerging Discipline.},
  year={2013},
  pages={113--135},
  doi={10.4018/978-1-4666-2536-5.ch006},
  pages = {113-135},
  publisher = {IGI Global},
  organization = {IGI Global},
  chapter = {6}

}

@inproceedings{Gonzalez09,
  author    = {Daniel Lombra{\~n}a Gonzalez and
               Francisco Fern{\'a}ndez de Vega and
               Leonardo Trujillo and
               Gustavo Olague and
               Lourdes Araujo and
               Pedro A. Castillo and
               Juan Juli{\'a}n Merelo Guerv{\'o}s and
               Ken Sharman},
  title     = {Increasing GP Computing Power for Free via Desktop GRID
               Computing and Virtualization},
  booktitle = {PDP},
  year      = {2009},
  pages     = {419-423},
  ee        = {http://dx.doi.org/10.1109/PDP.2009.25},
  bibsource = {DBLP, http://dblp.uni-trier.de}
}


@incollection{MilkyWay,
  author    = {Nathan Cole and
               Travis J. Desell and
               Daniel Lombra{\~n}a Gonzalez and
               Francisco Fern{\'a}ndez de Vega and
               Malik Magdon-Ismail and
               Heidi Jo Newberg and
               Boleslaw K. Szymanski and
               Carlos A. Varela},
  title     = {Evolutionary Algorithms on Volunteer Computing Platforms:
               The MilkyWay Home Project},
  booktitle = {Parallel and Distributed Computational Intelligence},
  year      = {2010},
  pages     = {63-90},
  ee        = {http://dx.doi.org/10.1007/978-3-642-10675-0_4},
  bibsource = {DBLP, http://dblp.uni-trier.de}
}

@incollection{FlexGP,
year={2012},
isbn={978-3-642-29177-7},
booktitle={Applications of Evolutionary Computation},
volume={7248},
series={Lecture Notes in Computer Science},
editor={Chio, Cecilia and Agapitos, Alexandros and Cagnoni, Stefano and Cotta, Carlos and Vega, FranciscoFernández and Caro, GianniA. and Drechsler, Rolf and Ekárt, Anikó and Esparcia-Alcázar, AnnaI. and Farooq, Muddassar and Langdon, WilliamB. and Merelo-Guervós, JuanJ. and Preuss, Mike and Richter, Hendrik and Silva, Sara and Simões, Anabela and Squillero, Giovanni and Tarantino, Ernesto and Tettamanzi, AndreaG.B. and Togelius, Julian and Urquhart, Neil and Uyar, A.Şima and Yannakakis, GeorgiosN.},
doi={10.1007/978-3-642-29178-4_48},
title={Flex-GP: Genetic Programming on the Cloud},
url={http://dx.doi.org/10.1007/978-3-642-29178-4_48},
publisher={Springer Berlin Heidelberg},
author={Sherry, Dylan and Veeramachaneni, Kalyan and McDermott, James and O’Reilly, Una-May},
pages={477-486}
}


@article{VecchiolaCORR,
  author    = {Christian Vecchiola and
               Michael Kirley and
               Rajkumar Buyya},
  title     = {Multi-Objective Problem Solving With Offspring on Enterprise
               Clouds},
  journal   = {CoRR},
  volume    = {abs/0903.1386},
  year      = {2009},
  ee        = {http://arxiv.org/abs/0903.1386},
  bibsource = {DBLP, http://dblp.uni-trier.de}
}

@INPROCEEDINGS{JSON,
author={Merelo-Guervos, J.J. and Castillo, P.A. and Laredo, J. L J and Mora Garcia, A. and Prieto, A.},
booktitle={Evolutionary Computation, 2008. CEC 2008. (IEEE World Congress on Computational Intelligence). IEEE Congress on}, 
title={{Asynchronous distributed genetic algorithms with Javascript and JSON}},
year={June},
pages={1372-1379},
keywords={Internet;Java;distributed algorithms;genetic algorithms;ubiquitous computing;Internet;JSON;Javascript object notation;asynchronous Javascript;asynchronous distributed genetic algorithms;distributed evolutionary computation system;royal road function;serialization protocol;ubiquituous Web browser;Application software;Computer networks;Distributed computing;Genetic algorithms;Java;Network servers;Personal digital assistants;Protocols;Virtual machining;XML},
doi={10.1109/CEC.2008.4630973},}


@incollection{Evospace,
year={2013},
isbn={978-3-642-37191-2},
booktitle={Applications of Evolutionary Computation},
volume={7835},
series={Lecture Notes in Computer Science},
editor={Esparcia-Alc{\'a}zar, AnnaI.},
doi={10.1007/978-3-642-37192-9_50},
title={{EvoSpace: A Distributed Evolutionary Platform Based on the Tuple Space Model}},
url={http://dx.doi.org/10.1007/978-3-642-37192-9_50},
publisher={Springer Berlin Heidelberg},
keywords={Distributed Evolutionary Algorithms; Tuple Space; Cloud Computing},
author={Garc{\'i}a-Valdez, Mario and Trujillo, Leonardo and Fern{\'a}ndez de Vega, Francisco and Merelo Guerv{\'o}s, Juan J. and Olague, Gustavo},
pages={499-508}
}

@incollection{Musart,
year={2013},
isbn={978-3-642-36954-4},
booktitle={Evolutionary and Biologically Inspired Music, Sound, Art and Design},
volume={7834},
series={Lecture Notes in Computer Science},
editor={Machado, Penousal; McDermott, James; Carballal, Adrian},
title={{EvoSpace-Interactive: A Framework to Develop Distributed 
Collaborative-Interactive Evolutionary Algorithms for Artistic Design}},
publisher={Springer Berlin Heidelberg},
author={Garcia-Valdez, Mario and Trujillo, Leonardo and Fern{\'a}ndez de Vega, Francisco and Merelo Guerv{\'o}s, JuanJ. and Olague, Gustavo},
pages={121-130}
}

@article{Turk,
  title={Running experiments on Amazon Mechanical Turk.},
  author={Paolacci, Gabriele and Chandler, Jesse and Ipeirotis, Panagiotis G},
  journal={Judgment and Decision Making},
  year={2010},
  publisher={Society for Judgment and Decision Making}
}


@InProceedings{sofea:evopar2012,
  author = 	 {Juan-J Merelo-Guerv{\'o}s and Antonio Mora and J. Albert
                  Cruz and Anna I. Esparcia}, 
  title = 	 {Pool-based Distributed Evolutionary Algorithms using an Object Database},
  booktitle = {EvoApplications 2012 Proceedings},
  pages = 	 {441--450},
  year = 	 2012,
  editor = 	 {Cecilia di Chio et al.}
}

@article{sofea:naco,
year={2012},
issn={1567-7818},
journal={Natural Computing},
doi={10.1007/s11047-012-9338-5},
title={Designing and testing a pool-based evolutionary algorithm},
url={http://dx.doi.org/10.1007/s11047-012-9338-5},
publisher={Springer Netherlands},
keywords={Cloud computing; Cloud storage; Evolutionary algorithms; Distributed algorithms; NoSQL databases; Key-value stores; Complex systems},
author={Merelo, J.J. and Mora, A.M. and Fernandes, C.M. and Esparcia-Alc{\'a}zar, Anna I.},
pages={1-14},
language={English}
}


@inproceedings{roy:2009,
 author = {Roy, Gautam and Lee, Hyunyoung and Welch, Jennifer L. and Zhao, Yuan and Pandey, Vijitashwa and Thurston, Deborah},
 title = {A distributed pool architecture for genetic algorithms},
 booktitle = {Proceedings of the Eleventh conference on Congress on Evolutionary Computation},
 series = {CEC'09},
 year = {2009},
 location = {Trondheim, Norway},
 pages = {1177--1184},
 publisher = {IEEE Press},
 address = {Piscataway, NJ, USA},
}

@article{ateam,
 author = {Talukdar, Sarosh and Baerentzen, Lars and Gove, Andrew and De Souza, Pedro},
 title = {Asynchronous Teams: Cooperation Schemes for Autonomous Agents},
 journal = {Journal of Heuristics},
 volume = {4},
 number = {4},
 year = {1998},
 pages = {295--321},
 publisher = {Kluwer Academic Publishers},
 address = {Hingham, MA, USA},
}

@inproceedings{bollini:1999,
 author = {Bollini, Alessandro and Piastra, Marco},
 title = {Distributed and Persistent Evolutionary Algorithms: A Design Pattern},
 booktitle = {Proceedings of the Second European Workshop on Genetic Programming},
 year = {1999},
 pages = {173--183},
 publisher = {Springer-Verlag},
 address = {London, UK, UK},
}
